@article{einstein1905,
  title   = {On the electrodynamics of moving bodies},
  author  = {Einstein, Albert},
  journal = {Annalen der Physik},
  volume  = {322},
  number  = {10},
  pages   = {891--921},
  year    = {1905}
}

@book{knuth1984,
  title     = {The TeXbook},
  author    = {Knuth, Donald E.},
  year      = {1984},
  publisher = {Addison-Wesley}
}

@inproceedings{lamport1985,
  title     = {LaTeX: A document preparation system},
  author    = {Lamport, Leslie},
  booktitle = {Addison-Wesley Professional},
  year      = {1985}
}